2250 3875
153 62 213 127 ²66
414 54 829 130 oED11’.TYm

149 192 286 260 Pastorem
298 186 377 249 illum
391 198 422 247 ut
442 182 582 267 expectem
595 186 691 248 solum.
710 159 718 171 ὁ

187 284 232 362 Jo
240 300 268 344 c.
288 283 348 343 Ubi
361 281 408 341 ille
420 280 516 351 aderit,
535 280 602 359 quid
616 282 728 341 tandem
741 280 831 339 facere
843 279 972 357 cogitas?

188 378 278 437 ΟΕ».
297 376 360 455 Ego
373 376 480 441 dicam
500 374 610 433 lienim
626 375 699 433 dicet

149 473 265 542 Eadem,
284 490 345 549 quae
359 481 399 539 tu,
417 482 481 527 tunc
495 486 548 547 ego
561 466 689 526 liberatus
700 486 748 525 ero
762 467 820 527 hnc.
829 466 998 526 calamitate.
1108 516 1110 540 Ι

188 566 266 644 Joc.
286 566 377 641 Qem
391 562 474 641 igitur
484 580 517 619 err
530 580 576 619 me
586 561 752 639 praeeipuum
763 561 856 618 audisti
866 558 1041 617 sermonem!

188 660 275 719 OEo.
296 656 387 735 Ipsum
399 654 513 714 retulille
527 652 630 723 aiebas,
650 653 726 730 quod
739 651 756 710 zi
768 651 917 713 latronibus
1033 645 1079 708 861

150 752 310 817 Interfedus
324 751 410 817 elien
429 748 504 827 quod
516 747 537 806 fi
551 768 614 806 eum
633 748 723 807 adhuc

150 852 307 909 Numerum
319 844 402 911 dicet,
419 861 475 901 non
489 860 543 919 ego
558 840 654 899 occidi.

149 943 218 1001 Non
238 939 312 997 enim
332 938 376 995 vir
391 955 458 995 unus
477 932 610 1003 idemest,
629 934 705 1011 quod
723 932 811 992 multi.

148 1036 197 1095 Sin
211 1046 303 1095 autem
314 1028 350 1089 ab
360 1048 417 1087 uno
430 1028 532 1087 fastum
545 1028 597 1090 ess'e
610 1028 693 1111 dicet,
713 1040 772 1085 tum
784 997 927 1087 manifeste
941 1070 944 1075 .
1030 1018 1079 1095 863
1108 1020 1109 1023 ’

115 1188 119 1206 ,
149 1127 237 1205 Hujus
258 1123 385 1185 facinoris
398 1141 452 1201 ego
465 1140 526 1183 reus
542 1118 678 1179 censebor.
988 1124 992 1130 '
1108 1127 1110 1143 *

189 1222 233 1298 Jo
243 1238 271 1277 c.
291 1216 378 1295 Atqui
390 1233 442 1293 pro
458 1224 533 1273 certo
546 1211 619 1271 hunc
629 1208 782 1274 sermonem
795 1208 908 1277 habeto,
944 1273 947 1277 A

149 1314 252 1393 Neque
265 1310 311 1370 ille
329 1306 415 1386 potest
432 1319 539 1365 mutare
552 1302 666 1372 rursum,

148 1410 226 1471 Nam
238 1418 297 1465 tota
308 1402 401 1463 civim
418 1398 532 1467 audivit,
547 1414 602 1456 non
617 1415 671 1478 ego
683 1394 747 1455 sola.

150 1505 245 1581 Atque
257 1510 288 1557 ut
304 1494 366 1555 fine
378 1491 481 1571 aliquid
493 1489 618 1548 deflectat
633 1486 650 1545 ὲ
662 1485 786 1555 sermone
799 1482 900 1565 priore,
1027 1481 1079 1553 870

148 1595 218 1669 Non
230 1606 321 1651 tamen
332 1586 368 1645 de
380 1584 454 1645 caede
469 1582 529 1641 Laii
542 1580 670 1659 loquetur
709 1578 742 1642 ’,

149 1690 238 1751 Rode
251 1687 290 1744 ita
305 1676 537 1761 quemadmodum
548 1673 651 1752 Apollo
771 1706 776 1713 »

148 1780 264 1850 Retulit,
283 1775 299 1835 d
319 1774 375 1832 filio
392 1768 480 1849 ipsum
493 1786 556 1827 meo
573 1760 690 1831 interfici
702 1770 837 1840 oportere.

147 1876 224 1938 Nam
237 1858 284 1933 ille
296 1866 376 1929 miser
388 1880 563 1944 nequaquam

148 1967 290 2036 Interfieir,
308 1961 354 2022 sed
367 1959 422 2039 ipse
438 1957 512 2037 prius
524 1953 632 2016 interiit
1026 1941 1073 2014 875

150 2067 325 2142 Quapropter
342 2074 395 2135 ego
408 2049 607 2111 divinationum
626 2039 703 2103 causa
714 2056 804 2119 neque
820 2036 875 2096 hut

149 2158 202 2218 Me
215 2167 353 2228 verterem
369 2164 459 2224 neque
476 2142 540 2201 illuc
551 2141 581 2198 in
597 2137 741 2216 posterum.

90 2257 93 2262 “
187 2246 239 2306 OE
251 2267 283 2306 u.
303 2241 388 2300 Recte
398 2237 485 2302 dicim
505 2246 624 2291 attamen
638 2222 838 2286 mercenarium

148 2341 233 2402 Mitte
246 2337 365 2415 aliquem
378 2331 426 2410 qui
438 2326 572 2392 accersat:
592 2342 627 2381 ne
640 2320 707 2380 illud
720 2312 850 2378 omiseris'.

189 2435 262 2514 Joc.
281 2431 394 2490 Mittam
408 2439 533 2502 propere,
552 2417 597 2477 sed
610 2418 685 2475 intro
697 2415 727 2475 in
739 2411 809 2472 aedes
818 2427 921 2476 eamus,
1024 2403 1070 2461 880

149 2528 230 2590 Nihil
241 2526 314 2586 enim
326 2521 435 2586 neum,
450 2515 499 2574 nin
509 2511 584 2594 quod
597 2509 647 2569 tibi
659 2503 769 2590 gratum
782 2505 835 2563 elle
847 2499 1011 2578 intelligam.

169 2687 171 2691 .
278 2613 802 2690 ANTISTROPHICA.
841 2605 959 2682 strophe.

188 2724 241 2784 Cn
252 2742 285 2779 o.
306 2713 423 2774 Utinam
435 2707 503 2768 mihi
517 2705 576 2764 fato
588 2701 740 2784 contingat,
754 2711 785 2759 ut
794 2694 927 2758 retineam

150 2813 349 2880 venerandam*
358 2803 525 2866 sanititatem
537 2795 703 2866 sermonum,

151 2920 329 2994 operumque
342 2893 479 2970 omniunt,¹
496 2915 556 2974 quae
570 2885 644 2972 leges
691 2962 694 2969 1
734 2881 739 2901 ¹
762 2916 775 2970 .'‚
818 2965 822 2973 ι

151 3007 321 3070 Definierunt
333 2991 449 3064 exoetsae,
470 3011 530 3072 quae
542 2986 646 3050 coelitus
733 3004 761 3053 ,ς
779 3037 783 3042 ,
892 3055 898 3062 .

147 3105 233 3172 Date
246 3097 315 3164 lunt,
334 3105 460 3170 quarum
627 3124 629 3132 ·
734 3065 738 3071 ’
